<record><leader>00000cas a22000007a 4500</leader><controlfield tag="001">14287511</controlfield><controlfield tag="008">861001d18711871waucr ne      0    0eng  </controlfield><controlfield tag="009">466</controlfield><datafield ind1=" " ind2=" " tag="010"><subfield code="a">sn 86071993 </subfield></datafield><datafield ind1=" " ind2=" " tag="040"><subfield code="a">DLC</subfield><subfield code="b">eng</subfield><subfield code="c">DLC</subfield><subfield code="d">SLZ</subfield><subfield code="d">CNK</subfield><subfield code="d">DLC</subfield><subfield code="d">OCLCQ</subfield><subfield code="d">OCLCO</subfield><subfield code="d">OCLCF</subfield></datafield><datafield ind1="1" ind2=" " tag="029"><subfield code="a">AU@</subfield><subfield code="b">000026226367</subfield></datafield><datafield ind1=" " ind2=" " tag="042"><subfield code="a">msc</subfield></datafield><datafield ind1=" " ind2=" " tag="043"><subfield code="a">n-us-wa</subfield></datafield><datafield ind1="0" ind2="0" tag="050"><subfield code="a">Newspaper</subfield></datafield><datafield ind1="0" ind2="0" tag="245"><subfield code="a">Kalama semi-weekly beacon.</subfield></datafield><datafield ind1="3" ind2="0" tag="246"><subfield code="a">Kalama semiweekly beacon</subfield></datafield><datafield ind1="1" ind2="3" tag="246"><subfield code="a">Kalama beacon</subfield></datafield><datafield ind1=" " ind2=" " tag="260"><subfield code="a">Kalama, Wash. Terr. [Wash.] :</subfield><subfield code="b">M.H. &amp; M.L. Money</subfield></datafield><datafield ind1=" " ind2=" " tag="300"><subfield code="a">v.</subfield></datafield><datafield ind1=" " ind2=" " tag="310"><subfield code="a">Semiweekly (Tues. and Fri.)</subfield></datafield><datafield ind1="0" ind2=" " tag="362"><subfield code="a">Vol. 1, no. 1 (May 19, 1871)-v. l, no. 30 (Sept 22, 1871).</subfield></datafield><datafield ind1=" " ind2=" " tag="515"><subfield code="a">Suspended with June 16, 1871 issue; resumed with July 4, 1871 issue.</subfield></datafield><datafield ind1=" " ind2=" " tag="530"><subfield code="a">Also issued on microfilm from University of Washington.</subfield></datafield><datafield ind1=" " ind2="0" tag="651"><subfield code="a">Kalama (Wash.)</subfield><subfield code="v">Newspapers.</subfield></datafield><datafield ind1=" " ind2="7" tag="655"><subfield code="a">Newspapers.</subfield><subfield code="2">fast</subfield><subfield code="0">(OCoLC)fst01423814</subfield></datafield><datafield ind1=" " ind2="7" tag="651"><subfield code="a">Washington (State)</subfield><subfield code="z">Kalama.</subfield><subfield code="2">fast</subfield><subfield code="0">(OCoLC)fst01225724</subfield></datafield><datafield ind1=" " ind2=" " tag="752"><subfield code="a">United States</subfield><subfield code="b">Washington</subfield><subfield code="c">Cowlitz</subfield><subfield code="d">Kalama.</subfield></datafield><datafield ind1="0" ind2="0" tag="785"><subfield code="t">Kalama beacon</subfield><subfield code="w">(DLC)sn 85033260</subfield></datafield></record>